@article{Pedregosa2011,
    author = {Pedregosa, Fabian and Varoquaux, Ga{\"{e}}l and Gramfort, Alexandre and Michel, Vincent and Thirion, Bertrand and Grisel, Olivier and Blondel, Mathieu and Prettenhofer, Peter and Weiss, Ron and Dubourg, Vincent and Vanderplas, Jake and Passos, Alexandre and Cournapeau, David and Brucher, Matthieu and Perrot, Matthieu and Duchesnay, {\'{E}}douard},
    issn = {ISSN 1533-7928},
    journal = {Journal of Machine Learning Research},
    number = {Oct},
    pages = {2825--2830},
    title = {{Scikit-learn: Machine Learning in Python}},
    url = {http://jmlr.csail.mit.edu/papers/v12/pedregosa11a.html},
    volume = {12},
    year = {2011}
}

@inproceedings{Rehurek2010,
   title = {{Software Framework for Topic Modelling with Large Corpora}},
   author = {Radim {\v R}eh{\r u}{\v r}ek and Petr Sojka},
   booktitle = {{Proceedings of the LREC 2010 Workshop on New
        Challenges for NLP Frameworks}},
   pages = {45--50},
   year = 2010,
   month = May,
   day = 22,
   publisher = {ELRA},
   address = {Valletta, Malta},
   language={English}
}

@article{Mcinnes2018,
  title={UMAP: Uniform Manifold Approximation and Projection},
  author={McInnes, Leland and Healy, John and Saul, Nathaniel and Grossberger, Lukas},
  journal={The Journal of Open Source Software},
  volume={3},
  number={29},
  pages={861},
  year={2018}
}

@inproceedings{Hagberg2008,
  address = {Pasadena, CA USA},
  author = {Hagberg, Aric A and Schult, Daniel A and Swart, Pieter J},
  booktitle = {Proceedings of the 7th Python in Science Conference},
  editor = {Varoquaux, Ga{\"{e}}l and Vaught, Travis and Millman, Jarrod},
  pages = {11--15},
  title = {{Exploring Network Structure, Dynamics, and Function using NetworkX}},
  year = {2008}
}

@inproceedings{Bastian2009,
  title={Gephi: an open source software for exploring and manipulating networks},
  author={Bastian, Mathieu and Heymann, Sebastien and Jacomy, Mathieu},
  booktitle={Proceedings of the International AAAI Conference on Web and Social Media},
  volume={3},
  number={1},
  year={2009},
}

@article{Paskin1999,  
  title={Toward unique identifiers},
  author={Paskin, Norman},
  journal={Proceedings of the IEEE},
  volume={87},
  number={7},
  pages={1208--1227},
  year={1999},
  publisher={IEEE}
}


@article{Clauset2004,
  title = {Finding community structure in very large networks},
  author = {Clauset, Aaron and Newman, M. E. J. and Moore, Cristopher},
  journal = {Phys. Rev. E},
  volume = {70},
  issue = {6},
  pages = {066111},
  numpages = {6},
  year = {2004},
  month = {Dec},
  publisher = {American Physical Society},
  url = {https://link.aps.org/doi/10.1103/PhysRevE.70.066111}
}

@article{Pritchard2000,
  author = {Pritchard, Jonathan K and Stephens, Matthew and Donnelly, Peter},
  issn = {00166731},
  journal = {Genetics},
  number = {2},
  pages = {945--959},
  pmid = {10835412},
  title = {{Inference of population structure using multilocus genotype data}},
  url = {http://www.stats.ox.ac.uk/pritch/home.html.},
  volume = {155},
  year = {2000}
}

@inproceedings{Le2014,
  archivePrefix = {arXiv},
  author = {Le, Quoc and Mikolov, Tomas},
  booktitle = {31st International Conference on Machine Learning, ICML 2014},
  eprint = {1405.4053},
  file = {::},
  isbn = {9781634393973},
  month = {may},
  pages = {2931--2939},
  publisher = {International Machine Learning Society (IMLS)},
  title = {{Distributed representations of sentences and documents}},
  url = {http://arxiv.org/abs/1405.4053},
  volume = {4},
  year = {2014}
}


@inproceedings{Redmon2015,
  title={You only look once: Unified, real-time object detection},
  author={Redmon, Joseph and Divvala, Santosh and Girshick, Ross and Farhadi, Ali},
  booktitle={Proceedings of the IEEE conference on computer vision and pattern recognition},
  pages={779--788},
  year={2016}
}

@article{Shorten2019,
  title={A survey on image data augmentation for deep learning},
  author={Shorten, Connor and Khoshgoftaar, Taghi M},
  journal={Journal of Big Data},
  volume={6},
  number={1},
  pages={1--48},
  year={2019},
  publisher={Springer}
}


@inproceedings{Cicalese2020,
  title={StyPath: style-transfer data augmentation for robust histology image classification},
  author={Cicalese, Pietro Antonio and Mobiny, Aryan and Yuan, Pengyu and Becker, Jan and Mohan, Chandra and Van Nguyen, Hien},
  booktitle={International Conference on Medical Image Computing and Computer-Assisted Intervention},
  pages={351--361},
  year={2020},
  organization={Springer}
}

@inproceedings{Meier2011,
  title={Better digit recognition with a committee of simple neural nets},
  author={Meier, Ueli and Ciresan, Dan Claudiu and Gambardella, Luca Maria and Schmidhuber, Jurgen},
  booktitle={2011 International Conference on Document Analysis and Recognition},
  pages={1250--1254},
  year={2011},
  organization={IEEE}
}


@article{Ciresan2011,
  title={Handwritten digit recognition with a committee of deep neural nets on gpus},
  author={Cire{\c{s}}an, Dan C and Meier, Ueli and Gambardella, Luca M and Schmidhuber, J{\"u}rgen},
  journal={arXiv preprint arXiv:1103.4487},
  year={2011}
}


@inproceedings{Tolstikhin2021,
  title={Mlp-mixer: An all-mlp architecture for vision},
  author={Tolstikhin, Ilya and Houlsby, Neil and Kolesnikov, Alexander and Beyer, Lucas and Zhai, Xiaohua and Unterthiner, Thomas and Yung, Jessica and Steiner, Andreas Peter and Keysers, Daniel and Uszkoreit, Jakob and others},
  booktitle={Thirty-Fifth Conference on Neural Information Processing Systems},
  year={2021}
}

@article{Touvron2021,
  title={ResMLP: Feedforward networks for image classification with data-efficient training},
  author={Touvron, Hugo and Bojanowski, Piotr and Caron, Mathilde and Cord, Matthieu and El-Nouby, Alaaeldin and Grave, Edouard and Izacard, Gautier and Joulin, Armand and Synnaeve, Gabriel and Verbeek, Jakob and others},
  journal={arXiv preprint arXiv:2105.03404},
  year={2021}
}

@article{Liu2021,
  title={Pay Attention to MLPs},
  author={Liu, Hanxiao and Dai, Zihang and So, David R and Le, Quoc V},
  journal={arXiv preprint arXiv:2105.08050},
  year={2021}
}

@article{Su2020,
  author = {Su, Tengfei and Zhang, Shengwei and Liu, Tingxi},
  issn = {20724292},
  journal = {Remote Sensing},
  keywords = {Active learning,Feature category,Object-based image analysis,Random forest},
  month = {feb},
  number = {3},
  pages = {504},
  publisher = {MDPI AG},
  title = {{Multi-spectral image classification based on an object-based active learning approach}},
  url = {https://www.mdpi.com/2072-4292/12/3/504},
  volume = {12},
  year = {2020}
}

@article{Fenza2021,
  title={Data set quality in Machine Learning: Consistency measure based on Group Decision Making},
  author={Fenza, Giuseppe and Gallo, Mariacristina and Loia, Vincenzo and Orciuoli, Francesco and Herrera-Viedma, Enrique},
  journal={Applied Soft Computing},
  volume={106},
  pages={107366},
  year={2021},
  publisher={Elsevier}
}


@article{Salman2019,
  title={Overfitting mechanism and avoidance in deep neural networks},
  author={Salman, Shaeke and Liu, Xiuwen},
  journal={arXiv preprint arXiv:1901.06566},
  year={2019}
}

@article{Hu2020,
  title={Model Generalization in Deep Learning Applications for Land Cover Mapping},
  author={Hu, Lucas and Robinson, Caleb and Dilkina, Bistra},
  journal={arXiv preprint arXiv:2008.10351},
  year={2020}
}

@inproceedings{Li2019,
  title={Research on overfitting of deep learning},
  author={Li, Haidong and Li, Jiongcheng and Guan, Xiaoming and Liang, Binghao and Lai, Yuting and Luo, Xinglong},
  booktitle={2019 15th International Conference on Computational Intelligence and Security (CIS)},
  pages={78--81},
  year={2019},
  organization={IEEE}
}

@misc{Melaskyriazi2021,
  title={Do you even need attention? a stack of feed-forward layers does surprisingly well on imagenet},
  author={Melas-Kyriazi, Luke},
  journal={arXiv preprint arXiv:2105.02723},
  year={2021}
}


@article{Zhang2021,
  title={Understanding deep learning (still) requires rethinking generalization},
  author={Zhang, Chiyuan and Bengio, Samy and Hardt, Moritz and Recht, Benjamin and Vinyals, Oriol},
  journal={Communications of the ACM},
  volume={64},
  number={3},
  pages={107--115},
  year={2021},
  publisher={ACM New York, NY, USA}
}


@article{Ratner2017,
  title={Learning to compose domain-specific transformations for data augmentation},
  author={Ratner, Alexander J and Ehrenberg, Henry R and Hussain, Zeshan and Dunnmon, Jared and R{\'e}, Christopher},
  journal={Advances in neural information processing systems},
  volume={30},
  pages={3239},
  year={2017},
  publisher={NIH Public Access}
}

@article{Esser2020,
  archivePrefix = {arXiv},
  author = {Esser, Patrick and Rombach, Robin and Ommer, Bj{\"{o}}rn},
  eprint = {2012.09841},
  month = {dec},
  title = {{Taming Transformers for High-Resolution Image Synthesis}},
  url = {https://arxiv.org/abs/2012.09841v3},
  year = {2020}
}

@article{Radford2021,
  archivePrefix = {arXiv},
  author = {Radford, Alec and Kim, Jong Wook and Hallacy, Chris and Ramesh, Aditya and Goh, Gabriel and Agarwal, Sandhini and Sastry, Girish and Askell, Amanda and Mishkin, Pamela and Clark, Jack and Krueger, Gretchen and Sutskever, Ilya},
  eprint = {2103.00020},
  journal = {arXiv},
  month = {feb},
  title = {{Learning Transferable Visual Models From Natural Language Supervision}},
  url = {https://arxiv.org/abs/2103.00020v1 http://arxiv.org/abs/2103.00020},
  year = {2021}
}

@article{Wen2020,
  title={Time series data augmentation for deep learning: A survey},
  author={Wen, Qingsong and Sun, Liang and Yang, Fan and Song, Xiaomin and Gao, Jingkun and Wang, Xue and Xu, Huan},
  journal={arXiv preprint arXiv:2002.12478},
  year={2020}
}

@inproceedings{Wong2016,
  title={Understanding data augmentation for classification: when to warp?},
  author={Wong, Sebastien C and Gatt, Adam and Stamatescu, Victor and McDonnell, Mark D},
  booktitle={2016 international conference on digital image computing: techniques and applications (DICTA)},
  pages={1--6},
  year={2016},
  organization={IEEE}
}

@article{Wang2017,
  title={The effectiveness of data augmentation in image classification using deep learning},
  author={Wang, Jason and Perez, Luis and others},
  journal={Convolutional Neural Networks Vis. Recognit},
  volume={11},
  pages={1--8},
  year={2017}
}


@inproceedings{Zhu2017,
  title={Unpaired image-to-image translation using cycle-consistent adversarial networks},
  author={Zhu, Jun-Yan and Park, Taesung and Isola, Phillip and Efros, Alexei A},
  booktitle={Proceedings of the IEEE international conference on computer vision},
  pages={2223--2232},
  year={2017}
}

@article{Chawla2004,
  title={Special issue on learning from imbalanced data sets},
  author={Chawla, Nitesh V and Japkowicz, Nathalie and Kotcz, Aleksander},
  journal={ACM SIGKDD explorations newsletter},
  volume={6},
  number={1},
  pages={1--6},
  year={2004},
  publisher={ACM New York, NY, USA}
}


@article{Fonseca2021,
  title={Improving imbalanced land cover classification with K-Means SMOTE: Detecting and oversampling distinctive minority spectral signatures},
  author={Fonseca, Joao and Douzas, Georgios and Bacao, Fernando},
  journal={Information},
  volume={12},
  number={7},
  pages={266},
  year={2021},
  publisher={Multidisciplinary Digital Publishing Institute}
}


@article{Kaur2019,
  title={A systematic review on imbalanced data challenges in machine learning: Applications and solutions},
  author={Kaur, Harsurinder and Pannu, Husanbir Singh and Malhi, Avleen Kaur},
  journal={ACM Computing Surveys (CSUR)},
  volume={52},
  number={4},
  pages={1--36},
  year={2019},
  publisher={ACM New York, NY, USA}
}

@inproceedings{Han2005,
  title={Borderline-SMOTE: a new over-sampling method in imbalanced data sets learning},
  author={Han, Hui and Wang, Wen-Yuan and Mao, Bing-Huan},
  booktitle={International conference on intelligent computing},
  pages={878--887},
  year={2005},
  organization={Springer}
}

@article{Douzas2019,
  title={Geometric SMOTE a geometrically enhanced drop-in replacement for SMOTE},
  author={Douzas, Georgios and Bacao, Fernando},
  journal={Information sciences},
  volume={501},
  pages={118--135},
  year={2019},
  publisher={Elsevier}
}

@inproceedings{Chu2020,
  title={Feature space augmentation for long-tailed data},
  author={Chu, Peng and Bian, Xiao and Liu, Shaopeng and Ling, Haibin},
  booktitle={Computer Vision--ECCV 2020: 16th European Conference, Glasgow, UK, August 23--28, 2020, Proceedings, Part XXIX 16},
  pages={694--710},
  year={2020},
  organization={Springer}
}

@article{Antoniou2017,
  title={Data augmentation generative adversarial networks},
  author={Antoniou, Antreas and Storkey, Amos and Edwards, Harrison},
  journal={arXiv preprint arXiv:1711.04340},
  year={2017}
}

@article{Goodfellow2014,
  title={Generative adversarial nets},
  author={Goodfellow, Ian and Pouget-Abadie, Jean and Mirza, Mehdi and Xu, Bing and Warde-Farley, David and Ozair, Sherjil and Courville, Aaron and Bengio, Yoshua},
  journal={Advances in neural information processing systems},
  volume={27},
  year={2014}
}

@article{Kramer1991,
  title={Nonlinear principal component analysis using autoassociative neural networks},
  author={Kramer, Mark A},
  journal={AIChE journal},
  volume={37},
  number={2},
  pages={233--243},
  year={1991},
  publisher={Wiley Online Library}
}


@article{Chun2020,
  title={An empirical evaluation on robustness and uncertainty of regularization methods},
  author={Chun, Sanghyuk and Oh, Seong Joon and Yun, Sangdoo and Han, Dongyoon and Choe, Junsuk and Yoo, Youngjoon},
  journal={arXiv preprint arXiv:2003.03879},
  year={2020}
}

@article{Xie2021,
  title={Artificial neural variability for deep learning: On overfitting, noise memorization, and catastrophic forgetting},
  author={Xie, Zeke and He, Fengxiang and Fu, Shaopeng and Sato, Issei and Tao, Dacheng and Sugiyama, Masashi},
  journal={Neural computation},
  volume={33},
  number={8},
  pages={2163--2192},
  year={2021},
  publisher={MIT Press One Rogers Street, Cambridge, MA 02142-1209, USA journals-info~…}
}

@inproceedings{Behpour2019,
  title={Ada: Adversarial data augmentation for object detection},
  author={Behpour, Sima and Kitani, Kris M and Ziebart, Brian D},
  booktitle={2019 IEEE Winter Conference on Applications of Computer Vision (WACV)},
  pages={1243--1252},
  year={2019},
  organization={IEEE}
}

@article{Halevy2009,
  title={The unreasonable effectiveness of data},
  author={Halevy, Alon and Norvig, Peter and Pereira, Fernando},
  journal={IEEE Intelligent Systems},
  volume={24},
  number={2},
  pages={8--12},
  year={2009},
  publisher={IEEE}
}

@article{Domingos2012,
  title={A few useful things to know about machine learning},
  author={Domingos, Pedro},
  journal={Communications of the ACM},
  volume={55},
  number={10},
  pages={78--87},
  year={2012},
  publisher={ACM New York, NY, USA}
}

@article{Van2001,
  title={The art of data augmentation},
  author={Van Dyk, David A and Meng, Xiao-Li},
  journal={Journal of Computational and Graphical Statistics},
  volume={10},
  number={1},
  pages={1--50},
  year={2001},
  publisher={Taylor \& Francis}
}

@article{Bartlett2021,
  title={Deep learning: a statistical viewpoint},
  author={Bartlett, Peter L and Montanari, Andrea and Rakhlin, Alexander},
  journal={arXiv preprint arXiv:2103.09177},
  year={2021}
}

@article{Drusch2012,
    author = {Drusch, M. and {Del Bello}, U. and Carlier, S. and Colin, O. and
            Fernandez, V. and Gascon, F. and Hoersch, B. and Isola, C. and Laberinti, P.
            and Martimort, P. and Meygret, A. and Spoto, F. and Sy, O. and Marchese, F. and
            Bargellini, P.},
    doi = {10.1016/j.rse.2011.11.026},
    issn = {00344257},
    journal = {Remote Sensing of Environment},
    month = {may},
    pages = {25--36},
    publisher = {Elsevier},
    title = {{Sentinel-2: ESA's Optical High-Resolution Mission for GMES Operational Services}},
    volume = {120},
    year = {2012}
}

@article{Wulder2018,
    author = {Wulder, Michael A. and Coops, Nicholas C. and Roy, David P. and White, Joanne
            C. and Hermosilla, Txomin},
    doi = {10.1080/01431161.2018.1452075},
    issn = {13665901},
    journal = {International Journal of Remote Sensing},
    number = {12},
    pages = {4254--4284},
    publisher = {Taylor and Francis Ltd.},
    title = {{Land cover 2.0}},
    volume = {39},
    year = {2018}
}

@article{Khatami2016,
    author = {Khatami, Reza and Mountrakis, Giorgos and Stehman, Stephen V.},
    doi = {10.1016/J.RSE.2016.02.028},
    issn = {0034-4257},
    journal = {Remote Sensing of Environment},
    month = {may},
    pages = {89--100},
    publisher = {Elsevier},
    title = {{A meta-analysis of remote sensing research on supervised pixel-based land-cover
                    image classification processes: General guidelines for practitioners and future
                    research}},
    url = {https://www.sciencedirect.com/science/article/abs/pii/S0034425716300578},
    volume = {177},
    year = {2016}
}

@article{Pelletier2017,
    author = {Pelletier, Charlotte and Valero, Silvia and Inglada, Jordi and Champion,
            Nicolas and {Marais Sicre}, Claire and Dedieu, Gérard},
    doi = {10.3390/rs9020173},
    issn = {2072-4292},
    journal = {Remote Sensing},
    month = {feb},
    number = {2},
    pages = {173},
    title = {{Effect of Training Class Label Noise on Classification Performances for Land
                    Cover Mapping with Satellite Image Time Series}},
    url = {http://www.mdpi.com/2072-4292/9/2/173},
    volume = {9},
    year = {2017}
}

@article{Stromann2020,
    author = {Stromann, Oliver and Nascetti, Andrea and Yousif, Osama and Ban, Yifang},
    doi = {10.3390/RS12010076},
    issn = {20724292},
    journal = {Remote Sensing},
    keywords = {EO big data,Google Earth Engine,MSI,Object-based classification,SAR},
    number = {1},
    pages = {76},
    publisher = {MDPI AG},
    title = {{Dimensionality Reduction and Feature Selection for Object-Based Land Cover
                    Classification based on Sentinel-1 and Sentinel-2 Time Series Using Google
                    Earth Engine}},
    volume = {12},
    year = {2020}
}

@article{Alonso-Sarria2019,
    author = {Alonso-Sarria, Francisco and Valdivieso-Ros, Carmen and Gomariz-Castillo,
            Francisco},
    doi = {10.3390/rs11243000},
    issn = {2072-4292},
    journal = {Remote Sensing},
    keywords = {Class separability,Landsat-8,Random forest,Random tree ensembles,Training area
            representativeness},
    month = {dec},
    number = {24},
    pages = {3000},
    publisher = {MDPI AG},
    title = {{Isolation Forests to Evaluate Class Separability and the Representativeness of
                    Training and Validation Areas in Land Cover Classification}},
    url = {https://www.mdpi.com/2072-4292/11/24/3000},
    volume = {11},
    year = {2019} 
}

@article{Wang2019,
    archivePrefix = {arXiv}, 
    arxivId = {1906.07923},
    author = {Wang, Rongfang and Zhang, Jie and Chen, Jia-Wei and Jiao, Licheng and Wang, Mi}, 
    eprint = {1906.07923},
    journal = {IEEE Geoscience and Remote Sensing Letters}, 
    month = {jun},
    title = {{Imbalanced Learning-based Automatic SAR Images Change Detection by
                    Morphologically Supervised PCA-Net}}, 
    url = {http://arxiv.org/abs/1906.07923},
    year = {2019} 
}

@article{Abdi2016,
    author = {Abdi, Lida and Hashemi, Sattar}, 
    doi = {10.1109/TKDE.2015.2458858},
    issn = {1041-4347}, 
    journal = {IEEE Transactions on Knowledge and Data Engineering},
    month = {jan}, 
    number = {1},
    pages = {238--251}, 
    title = {{To Combat Multi-Class Imbalanced Problems by Means of Over-Sampling Techniques}},
    url = {http://ieeexplore.ieee.org/document/7163639/}, 
    volume = {28},
    year = {2016} 
}

@article{Fernandez2013,
    author = {Fern{\'{a}}ndez, Alberto and L{\'{o}}pez, Victoria and Galar, Mikel
            and del Jesus, Mar{\'{i}}a Jos{\'{e}} and Herrera, Francisco},
    doi = {10.1016/J.KNOSYS.2013.01.018}, 
    issn = {0950-7051},
    journal = {Knowledge-Based Systems}, 
    month = {apr},
    pages = {97--110}, 
    publisher = {Elsevier},
    title = {{Analysing the classification of imbalanced data-sets with multiple classes:
                    Binarization techniques and ad-hoc approaches}}, 
    url = {https://www.sciencedirect.com/science/article/abs/pii/S0950705113000300},
    volume = {42}, 
    year = {2013} 
}

@incollection{Luengo2020,
    address = {Cham},
    author = {Luengo, Juli{\'{a}}n and Garc{\'{i}}a-Gil, Diego and
            Ram{\'{i}}rez-Gallego, Sergio and Garc{\'{i}}a, Salvador and Herrera,
            Francisco}, 
    booktitle = {Big Data Preprocessing}, 
    doi = {10.1007/978-3-030-39105-8_8},
    pages = {147--160}, 
    publisher = {Springer International Publishing},
    title = {{Imbalanced Data Preprocessing for Big Data}}, 
    url = {http://link.springer.com/10.1007/978-3-030-39105-8{\_}8},
    year = {2020} 
}

@article{Garcia2016,
    author = {Garc{\'{i}}a, Salvador and Ram{\'{i}}rez-Gallego, Sergio and Luengo, Juli{\'{a}}n and Ben{\'{i}}tez, Jos{\'{e}} Manuel and Herrera, Francisco},
    doi = {10.1186/s41044-016-0014-0},
    issn = {2058-6345},
    journal = {Big Data Analytics},
    keywords = {Algorithm Analysis and Problem Complexity,Big Data,Computational Biology/Bioinformatics,Data Mining and Knowledge Discovery,Data Structures,Data Structures and Information Theory},
    month = {dec},
    number = {1},
    pages = {9},
    publisher = {Springer Nature},
    title = {{Big data preprocessing: methods and prospects}},
    url = {http://bdataanalytics.biomedcentral.com/articles/10.1186/s41044-016-0014-0},
    volume = {1},
    year = {2016}
}

@article{Douzas2018, 
    author = {Douzas, Georgios and Bacao, Fernando and Last, Felix}, 
    doi = {10.1016/j.ins.2018.06.056},
    issn = {00200255}, 
    journal = {Information Sciences},
    keywords = {Class-imbalanced learning,Classification,Clustering,Oversampling,Supervised
            learning,Within-class imbalance}, 
    month = {oct},
    pages = {1--20}, 
    publisher = {Elsevier Inc.},
    title = {{Improving imbalanced learning through a heuristic oversampling method based on
                    k-means and SMOTE}}, 
    volume = {465},
    year = {2018}
}

@inproceedings{HaiboHe2008,
    author = {{Haibo He} and {Yang Bai} and Garcia, Edwardo A. and {Shutao Li}},
    booktitle = {2008 IEEE International Joint Conference on Neural Networks (IEEE World Congress on Computational Intelligence)},
    doi = {10.1109/IJCNN.2008.4633969},
    isbn = {978-1-4244-1820-6},
    month = {jun},
    pages = {1322--1328},
    publisher = {IEEE},
    title = {{ADASYN: Adaptive synthetic sampling approach for imbalanced learning}},
    url = {http://ieeexplore.ieee.org/document/4633969/},
    year = {2008}
}

@article{Maxwell2018,
    author = {Maxwell, Aaron E. and Warner, Timothy A. and Fang, Fang},
    doi = {10.1080/01431161.2018.1433343}, 
    issn = {13665901},
    journal = {International Journal of Remote Sensing}, 
    keywords = {Image classification,Land-cover classification,Landcover mapping,Machine
            learning},
    number = {9}, 
    pages = {2784--2817},
    publisher = {Taylor {\&} Francis}, 
    title = {{Implementation of machine-learning classification in remote sensing: An applied
                    review}},
    url = {https://doi.org/10.1080/01431161.2018.1433343}, 
    volume = {39},
    year = {2018}
}

@article{Gavade2019,
    author = {Gavade, Anil B. and Rajpurohit, Vijay S.}, 
    doi = {10.1080/1206212x.2019.1573946},
    issn = {1206-212X}, 
    journal = {International Journal of Computers and Applications},
    keywords = {Remote sensing,clustering,land use classification,learning based
            approaches,satellite images}, 
    month = {feb},
    pages = {1--10}, 
    publisher = {Informa UK Limited},
    title = {{Systematic analysis of satellite image-based land cover classification
            techniques: literature review and challenges}}, 
    year = {2019}
}

@article{Blagus2010,
    author = {Blagus, Rok and Lusa, Lara}, 
    doi = {10.1186/1471-2105-11-523},
    issn = {14712105}, 
    journal = {BMC bioinformatics},
    keywords = {Algorithms,Bioinformatics,Computational Biology/Bioinformatics,Computer Appl.
            in Life Sciences,Microarrays}, 
    month = {oct},
    number = {1}, 
    pages = {523},
    publisher = {BioMed Central}, 
    title = {{Class prediction for high-dimensional class-imbalanced data.}},
    volume = {11}, 
    year = {2010}
}

@inproceedings{Waske2009,
    author = {Waske, Bj{\"{o}}rn and Benediktsson, Jon Atli and Sveinsson, Johannes R.}, 
    booktitle = {Lecture Notes in Computer Science (including subseries Lecture Notes in
        Artificial Intelligence and Lecture Notes in Bioinformatics)}, 
    doi = {10.1007/978-3-642-02326-2_38},
    isbn = {3642023258}, 
    issn = {03029743},
    keywords = {Bagging,Imbalanced training data,Land cover
        classification,Multispectral,Support vector machines}, 
    pages = {375--384},
    title = {{Classifying remote sensing data with support vector machines and imbalanced
                training data}}, 
    url = {http://link.springer.com/10.1007/978-3-642-02326-2{\_}38},
    volume = {5519 LNCS}, 
    year = {2009} 
}

@inproceedings{Huang2016,
    author = {Huang, Chen and Li, Yining and Loy, Chen Change and Tang, Xiaoou}, 
    booktitle = {Proceedings of the IEEE Computer Society Conference on Computer Vision and
            Pattern Recognition},
    doi = {10.1109/CVPR.2016.580}, 
    isbn = {9781467388504},
    issn = {10636919}, 
    pages = {5375--5384},
    title = {{Learning deep representation for imbalanced classification}}, 
    volume = {2016-Decem},
    year = {2016}
}

@inproceedings{Cui2019,
    archivePrefix = {arXiv},
    arxivId = {1901.05555},
    author = {Cui, Yin and Jia, Menglin and Lin, Tsung Yi and Song, Yang and Belongie, Serge},
    booktitle = {Proceedings of the IEEE Computer Society Conference on Computer Vision and
            Pattern Recognition},
    doi = {10.1109/CVPR.2019.00949},
    eprint = {1901.05555},
    isbn = {9781728132938},
    issn = {10636919},
    keywords = {Categorization,Computer Vision Theory,Deep Learning,Recognition:
            Detection,Retrieval},
    pages = {9260--9269},
    title = {{Class-balanced loss based on effective number of samples}},
    volume = {2019-June},
    year = {2019}
}

@inproceedings{Dong2017,
    archivePrefix = {arXiv},
    arxivId = {1712.03162},
    author = {Dong, Qi and Gong, Shaogang and Zhu, Xiatian},
    booktitle = {Proceedings of the IEEE International Conference on Computer Vision},
    doi = {10.1109/ICCV.2017.205},
    eprint = {1712.03162},
    isbn = {9781538610329},
    issn = {15505499},
    pages = {1869--1878},
    title = {{Class Rectification Hard Mining for Imbalanced Deep Learning}},
    volume = {2017-Octob},
    year = {2017}
}

@inproceedings{Yap2014,
    author = {Yap, Bee Wah and Rani, Khatijahhusna Abd and {Abd Rahman}, Hezlin
            Aryani and Fong, Simon and Khairudin, Zuraida and Abdullah, Nik Nairan},
    booktitle = {Lecture Notes in Electrical Engineering},
    doi = {10.1007/978-981-4585-18-7_2},
    isbn = {9789814585170},
    issn = {18761119},
    keywords = {Bagging,Boosting,Imbalanced data,Oversampling,Undersampling},
    pages = {13--22},
    publisher = {Springer Verlag},
    title = {{An application of oversampling, undersampling, bagging and boosting in handling
                    imbalanced datasets}},
    volume = {285 LNEE},
    year = {2014}
}

@article{Mellor2015,
    author = {Mellor, Andrew and Boukir, Samia and Haywood, Andrew and Jones, Simon},
    doi = {10.1016/J.ISPRSJPRS.2015.03.014},
    issn = {0924-2716},
    journal = {ISPRS Journal of Photogrammetry and Remote Sensing},
    month = {jul},
    pages = {155--168},
    publisher = {Elsevier},
    title = {{Exploring issues of training data imbalance and mislabelling on random forest
                    performance for large area land cover classification using the ensemble margin}},
    url = {https://www.sciencedirect.com/science/article/pii/S0924271615000945},
    volume = {105},
    year = {2015}
}

@article{Lee2016,
    author = {Lee, Taehyung and Lee, Ki Bum and Kim, Chang Ouk},
    doi = {10.1109/TSM.2016.2602226},
    issn = {08946507},
    journal = {IEEE Transactions on Semiconductor Manufacturing},
    keywords = {Class imbalance,fault detection,machine learning,performance
            evaluation,semiconductor manufacturing},
    month = {nov},
    number = {4},
    pages = {436--445},
    publisher = {Institute of Electrical and Electronics Engineers Inc.},
    title = {{Performance of Machine Learning Algorithms for Class-Imbalanced Process Fault
                    Detection Problems}},
    url = {http://ieeexplore.ieee.org/document/7549079/},
    volume = {29},
    year = {2016}
}

@article{Shao2014,
    author = {Shao, Yuan Hai and Chen, Wei Jie and Zhang, Jing Jing and Wang, Zhen and Deng,
            Nai Yang},
    doi = {10.1016/j.patcog.2014.03.008},
    issn = {00313203},
    journal = {Pattern Recognition},
    keywords = {Imbalanced data classification,Lagrangian functions,Quadratic cost
            functions,Twin support vector machine,Weighted twin support vector machine},
    month = {sep},
    number = {9},
    pages = {3158--3167},
    publisher = {Elsevier Ltd},
    title = {{An efficient weighted Lagrangian twin support vector machine for imbalanced
                    data classification}},
    volume = {47},
    year = {2014}
}

@article{Feng2019,
    author = {Feng, Wei and Huang, Wenjiang and Bao, Wenxing},
    doi = {10.1109/LGRS.2019.2913387},
    issn = {1545-598X},
    journal = {IEEE Geoscience and Remote Sensing Letters},
    pages = {1--5},
    title = {{Imbalanced Hyperspectral Image Classification With an Adaptive Ensemble Method
                    Based on SMOTE and Rotation Forest With Differentiated Sampling Rates}},
    url = {https://ieeexplore.ieee.org/document/8713384/},
    year = {2019}
}

@article{Sharififar2019,
    author = {Sharififar, Amin and Sarmadian, Fereydoon and Minasny, Budiman},
    doi = {10.1016/j.compag.2019.03.006},
    issn = {01681699},
    journal = {Computers and Electronics in Agriculture},
    keywords = {Class imbalance problem,Data oversampling,Digital soil mapping,Imbalanced
            datasets,Spatial simulation},
    month = {apr},
    pages = {110--118},
    publisher = {Elsevier B.V.},
    title = {{Mapping imbalanced soil classes using Markov chain random fields models treated
                    with data resampling technique}},
    volume = {159},
    year = {2019}
}

@article{Hounkpatin2018,
    author = {Hounkpatin, Kpade O.L. and Schmidt, Karsten and Stumpf, Felix and Forkuor,
            Gerald and Behrens, Thorsten and Scholten, Thomas and Amelung, Wulf and Welp, Gerhard},
    doi = {10.1038/s41598-018-28244-w},
    issn = {20452322},
    journal = {Scientific Reports},
    keywords = {Geomorphology,Hydrology},
    month = {dec},
    number = {1},
    pages = {1--16},
    publisher = {Nature Publishing Group},
    title = {{Predicting reference soil groups using legacy data: A data pruning and Random
                    Forest approach for tropical environment (Dano catchment, Burkina Faso)}},
    volume = {8},
    year = {2018}
}

@article{Krawczyk2016,
    author = {Krawczyk, Bartosz},
    booktitle = {Progress in Artificial Intelligence},
    journal={Progress in Artificial Intelligence},
    doi = {10.1007/s13748-016-0094-0},
    issn = {21926360},
    keywords = {Big data,Data streams,Imbalanced clustering,Imbalanced data,Imbalanced
            regression,Machine learning,Multi-class imbalance},
    month = {nov},
    number = {4},
    pages = {221--232},
    publisher = {Springer},
    title = {{Learning from imbalanced data: open challenges and future directions}},
    volume = {5},
    year = {2016}
}

@article{Ferreira2019,
    author = {Ferreira, Matheus Pinheiro and Wagner, Fabien Hubert and
            Arag{\~{a}}o, Luiz E.O.C. and Shimabukuro, Yosio Edemir
            and {de Souza Filho}, Carlos Roberto},
    doi = {10.1016/j.isprsjprs.2019.01.019}, 
    issn = {09242716},
    journal = {ISPRS Journal of Photogrammetry and Remote Sensing}, 
    keywords = {Biodiversity,Canopy structure,GLCM,Tree species discrimination,Tropical
        forests,Very-high resolution},
    month = {mar}, 
    pages = {119--131},
    publisher = {Elsevier B.V.}, 
    title = {{Tree species classification in tropical forests using visible to shortwave
                infrared WorldView-3 images and texture analysis}},
    volume = {149}, 
    year = {2019} 
}

@article{Jozdani2019,
    author = {Jozdani, Shahab Eddin and Johnson, Brian Alan and Chen, Dongmei},
    doi = {10.3390/rs11141713},
    issn = {2072-4292},
    journal = {Remote Sensing},
    keywords = {Deep learning,GEOBIA,High-spatial resolution imagery,Land use/cover
            classification,Remote sensing},
    month = {jul},
    number = {14},
    pages = {1713},
    publisher = {MDPI AG},
    title = {{Comparing Deep Neural Networks, Ensemble Classifiers, and Support Vector
                    Machine Algorithms for Object-Based Urban Land Use/Land Cover Classification}},
    url = {https://www.mdpi.com/2072-4292/11/14/1713},
    volume = {11},
    year = {2019}
}

@article{Bogner2018,
    author = {Bogner, Christina and Seo, Bumsuk and Rohner, Dorian and Reineking,
            Bj{\"{o}}rn}, 
    doi = {10.1371/journal.pone.0190476},
    issn = {19326203}, 
    journal = {PLoS ONE},
    month = {jan}, 
    number = {1},
    publisher = {Public Library of Science}, 
    title = {{Classification of rare land cover types: Distinguishing annual and perennial
                crops in an agricultural catchment in South Korea}},
    volume = {13}, 
    year = {2018} 
}

@article{Zhu2020,
    author = {Zhu, Ming and Wu, Bo and He, Y. N. and He, Y. Q.},
    doi = {10.5194/isprs-archives-xlii-3-w10-685-2020},
    issn = {2194-9034},
    journal = {ISPRS - International Archives of the Photogrammetry, Remote Sensing and
            Spatial Information Sciences},
    keywords = {Convolutional Neural Networks,Deep Learning,High Resolution Satellite
            Image,Land Cover Classification,Semantic Segmentation},
    pages = {685--690},
    title = {{Land Cover Classification Using High Resolution Satellite Image Based On Deep
                    Learning}},
    url = {https://doi.org/10.5194/isprs-archives-XLII-3-W10-685-2020},
    volume = {XLII-3/W10},
    year = {2020}
}

@inproceedings{Cenggoro2018,
    author = {Cenggoro, Tjeng Wawan and Isa, Sani M. and Kusuma, Gede Putra and Pardamean,
            Bens},
    booktitle = {Proceedings - 2017 International Conference on Innovative and Creative
            Information Technology: Computational Intelligence and IoT, ICITech 2017},
    doi = {10.1109/INNOCIT.2017.8319149},
    isbn = {9781538640456},
    keywords = {Imbalanced Learning,Remote Sensing,Variational Autoencoder,Variational
            Semi-Supervised Learning},
    month = {nov},
    pages = {1--6},
    publisher = {IEEE},
    title = {{Classification of imbalanced land-use/land-cover data using variational
                    semi-supervised learning}},
    url = {http://ieeexplore.ieee.org/document/8319149/},
    volume = {2018-Janua},
    year = {2018}
}

@inproceedings{holte1989,
    title={Concept Learning and the Problem of Small Disjuncts.},
    author={Holte, Robert C and Acker, Liane and Porter, Bruce W and others}, 
    booktitle={IJCAI},
    volume={89}, 
    pages={813--818},
    year={1989}, 
    organization={Citeseer}
}

@article{Douzas2017,
    author = {Douzas, Georgios and Bacao, Fernando},
    doi = {10.1016/j.eswa.2017.03.073},
    issn = {09574174},
    journal = {Expert Systems with Applications},
    month = {oct},
    pages = {40--52},
    publisher = {Elsevier Ltd},
    title = {{Self-Organizing Map Oversampling (SOMO) for imbalanced data set learning}},
    volume = {82},
    year = {2017}
}

@inproceedings{Feng2018,
    author = {Feng, Wei and Huang, Wenjiang and Ye, Huichun and Zhao, Longlong},
    booktitle = {International Geoscience and Remote Sensing Symposium (IGARSS)},
    doi = {10.1109/IGARSS.2018.8518242},
    isbn = {9781538671504},
    keywords = {Classification,Ensemble learning,Hyperspectral image,Imbalance learning,Rotation forest},
    month = {oct},
    pages = {2651--2654},
    publisher = {Institute of Electrical and Electronics Engineers Inc.},
    title = {{Synthetic minority over-sampling technique based rotation forest for the classification of unbalanced hyperspectral data}},
    volume = {2018-July},
    year = {2018}
}

@article{Ma2017,
    author = {Ma, Li and Fan, Suohai},
    doi = {10.1186/s12859-017-1578-z},
    issn = {14712105},
    journal = {BMC Bioinformatics},
    keywords = {Feature selection,Imbalance data,Intelligence algorithm,Parameter optimization,Random forests},
    month = {mar},
    number = {1},
    pages = {169},
    pmid = {28292263},
    publisher = {BioMed Central Ltd.},
    title = {{CURE-SMOTE algorithm and hybrid algorithm for feature selection and parameter optimization based on random forests}},
    url = {http://bmcbioinformatics.biomedcentral.com/articles/10.1186/s12859-017-1578-z},
    volume = {18},
    year = {2017}
}

@article{Santos2015,
    author = {Santos, Miriam Seoane and Abreu, Pedro Henriques and Garc{\'{i}}a-Laencina, Pedro J. and Sim{\~{a}}o, Ad{\'{e}}lia and Carvalho, Armando},
    doi = {10.1016/j.jbi.2015.09.012},
    issn = {15320464},
    journal = {Journal of Biomedical Informatics},
    keywords = {Clustering,Hepatocellular Carcinoma (HCC),K-means,Oversampling,SMOTE,Survival prediction},
    month = {dec},
    pages = {49--59},
    publisher = {Academic Press Inc.},
    title = {{A new cluster-based oversampling method for improving survival prediction of hepatocellular carcinoma patients}},
    volume = {58},
    year = {2015}
}

@article{Douzas2019rs,
    author = {Douzas, Georgios and Bacao, Fernando and Fonseca, Joao and Khudinyan, Manvel},
    doi = {10.3390/rs11243040},
    issn = {20724292},
    journal = {Remote Sensing},
    keywords = {Class imbalance,Geometric-SMOTE,Imbalanced learning,LULC classification,Oversampling},
    month = {dec},
    number = {24},
    pages = {3040},
    publisher = {MDPI AG},
    title = {{Imbalanced learning in land cover classification: Improving minority classes' prediction accuracy using the geometric SMOTE algorithm}},
    url = {https://www.mdpi.com/2072-4292/11/24/3040},
    volume = {11},
    year = {2019}
}

@article{Baumgardner2015,
    author = {Baumgardner, Marion F. and Biehl, Larry L. and Landgrebe, David A.},
    doi = {10.4231/R7RX991C},
    journal = {Purdue University Research Repository},
    month = {sep},
    title = {{220 Band AVIRIS Hyperspectral Image Data Set: June 12, 1992 Indian Pine Test Site 3}},
    url = {https://doi.org/10.4231/R7RX991C},
    year = {2015}
}

@article{Olofsson2013,
    author = {Olofsson, Pontus and Foody, Giles M. and Stehman, Stephen V. and Woodcock, Curtis E.},
    doi = {10.1016/j.rse.2012.10.031},
    issn = {00344257},
    journal = {Remote Sensing of Environment},
    keywords = {Accuracy assessment,Carbon modeling,Land cover change,Land use change,Stratified estimation,Uncertainty},
    month = {feb},
    pages = {122--131},
    publisher = {Elsevier},
    title = {{Making better use of accuracy data in land change studies: Estimating accuracy and area and quantifying uncertainty using stratified estimation}},
    volume = {129},
    year = {2013}
}

@misc{Pontius2011,
    author = {Pontius, Robert Gilmore and Millones, Marco},
    booktitle = {International Journal of Remote Sensing},
    doi = {10.1080/01431161.2011.552923},
    issn = {13665901},
    number = {15},
    pages = {4407--4429},
    publisher = {Taylor and Francis Ltd.},
    title = {{Death to Kappa: Birth of quantity disagreement and allocation disagreement for accuracy assessment}},
    volume = {32},
    year = {2011}
}

@inproceedings{Jeni2013,
    author = {Jeni, L{\'{a}}szl{\'{o}} A. and Cohn, Jeffrey F. and {De La Torre}, Fernando},
    booktitle = {Proceedings - 2013 Humaine Association Conference on Affective Computing and Intelligent Interaction, ACII 2013},
    doi = {10.1109/ACII.2013.47},
    isbn = {9780769550480},
    keywords = {Action unit detection,Imbalanced data,Performance metrics,Skew normalization},
    pages = {245--251},
    title = {{Facing imbalanced data - Recommendations for the use of performance metrics}},
    year = {2013}
}

@article{He2009,
	archiveprefix = {arXiv},
	arxivid = {arXiv:1011.1669v3},
	author = {He, Haibo and Garcia, Edwardo A},
	doi = {10.1109/TKDE.2008.239},
	eprint = {arXiv:1011.1669v3},
	isbn = {1041-4347},
	issn = {10414347},
	journal = {IEEE Transactions on Knowledge and Data Engineering},
	keywords = {Active learning,Assessment metrics,Classification,Cost-sensitive learning,Imbalanced learning,Kernel-based learning,Sampling methods},
	number = {9},
	pages = {1263--1284},
	pmid = {24807526},
	title = {{Learning from Imbalanced Data}},
	volume = {21},
	year = {2009},
}

@article{Cover1967,
	author = {Cover, T and Hart, P},
	doi = {10.1109/TIT.1967.1053964},
	isbn = {0018-9448},
	issn = {0018-9448},
	journal = {IEEE Transactions on Information Theory},
	number = {1},
	pages = {21--27},
	pmid = {21919855},
	title = {{Nearest neighbor pattern classification}},
	url =
		{http://ieeexplore.ieee.org/lpdocs/epic03/wrapper.htm?arnumber=1053964},
	volume = {13},
	year = {1967},
}

@Article{Salzberg1994,
	author={Salzberg, Steven L.},
	title={C4.5: Programs for Machine Learning by J. Ross Quinlan. Morgan
			Kaufmann Publishers, Inc., 1993},
	journal={Machine Learning},
	year={1994},
	month={Sep},
	day={01},
	volume={16},
	number={3},
	pages="235--240",
	issn="1573-0565",
	doi="10.1007/BF00993309",
	url="https://doi.org/10.1007/BF00993309"
}

@article{Friedman2001,
	archiveprefix = {arXiv},
	arxivid = {arXiv:1011.1669v3},
	author = {Friedman, Jerome H},
	doi = {DOI 10.1214/aos/1013203451},
	eprint = {arXiv:1011.1669v3},
	isbn = {0090-5364},
	issn = {00905364},
	journal = {Annals of Statistics},
	keywords = {Boosting,Decision trees,Function estimation,Robust
			nonparametric regression},
	number = {5},
	pages = {1189--1232},
	pmid = {21740230},
	title = {{Greedy function approximation: A gradient boosting machine}},
	volume = {29},
	year = {2001},
}

@article{Liaw2002,
	title={Classification and regression by randomForest},
	author={Liaw, Andy and Wiener, Matthew and others},
	journal={R news},
	volume={2},
	number={3},
	pages={18--22},
	year={2002}
}

@article{JMLR:v18:16-365,
	author  = {Guillaume  Lema{{\^i}}tre and Fernando Nogueira and Christos K. Aridas},
	title   = {Imbalanced-learn: A Python Toolbox to Tackle the Curse of Imbalanced Datasets in Machine Learning},
	journal = {Journal of Machine Learning Research},
	year    = {2017},
	volume  = {18},
	number  = {17},
	pages   = {1-5},
	url     = {http://jmlr.org/papers/v18/16-365.html}
}

@article{holm1979simple,
  title={A simple sequentially rejective multiple test procedure},
  author={Holm, Sture},
  journal={Scandinavian journal of statistics},
  pages={65--70},
  year={1979},
  publisher={JSTOR}
}

@article{Haixiang2017,
    author = {Haixiang, Guo and Yijing, Li and Shang, Jennifer and Mingyun, Gu and Yuanyue, Huang and Bing, Gong},
    title = {Learning from Class-Imbalanced Data},
    year = {2017},
    issue_date = {May 2017},
    publisher = {Pergamon Press, Inc.},
    address = {USA},
    volume = {73},
    number = {C},
    issn = {0957-4174},
    url = {https://doi.org/10.1016/j.eswa.2016.12.035},
    doi = {10.1016/j.eswa.2016.12.035},
    journal = {Expert Syst. Appl.},
    month = may,
    pages = {220–239},
    numpages = {20},
    keywords = {Rare events, Machine learning, Imbalanced data, Data mining}
}

@inproceedings{Japkowicz2001,
    author = {Japkowicz, Nathalie},
    booktitle = {Lecture Notes in Computer Science (including subseries Lecture Notes in Artificial Intelligence and Lecture Notes in Bioinformatics)},
    doi = {10.1007/3-540-45153-6_7},
    isbn = {3540421440},
    issn = {16113349},
    pages = {67--77},
    publisher = {Springer Verlag},
    title = {{Concept-learning in the presence of between-class and within-class imbalances}},
    url = {https://link.springer.com/chapter/10.1007/3-540-45153-6_7},
    volume = {2056},
    year = {2001}
}

@article{Jo2004,
    author = {Jo, Taeho and Japkowicz, Nathalie},
    doi = {10.1145/1007730.1007737},
    issn = {1931-0145},
    journal = {ACM SIGKDD Explorations Newsletter},
    keywords = {between-class imbalance,class imbalance,rare cases,resampling,small disjuncts,within-class imbalance},
    month = {jun},
    number = {1},
    pages = {40--49},
    publisher = {Association for Computing Machinery (ACM)},
    title = {{Class imbalances versus small disjuncts}},
    url = {https://dl.acm.org/doi/10.1145/1007730.1007737},
    volume = {6},
    year = {2004}
}

@article{Fritz2017,
    author = {Fritz, Steffen and See, Linda and Perger, Christoph and McCallum, Ian and Schill, Christian and Schepaschenko, Dmitry and Duerauer, Martina and Karner, Mathias and Dresel, Christopher and Laso-Bayas, Juan Carlos and Lesiv, Myroslava and Moorthy, Inian and Salk, Carl F. and Danylo, Olha and Sturn, Tobias and Albrecht, Franziska and You, Liangzhi and Kraxner, Florian and Obersteiner, Michael},
    doi = {10.1038/sdata.2017.75},
    issn = {20524463},
    journal = {Scientific Data},
    keywords = {Environmental impact,Geography},
    month = {jun},
    number = {1},
    pages = {1--8},
    pmid = {28608851},
    publisher = {Nature Publishing Groups},
    title = {{A global dataset of crowdsourced land cover and land use reference data}},
    url = {www.nature.com/sdata/},
    volume = {4},
    year = {2017}
}

@article{Demsar2006,
    author = {Dem{\v{s}}ar, Janez},
    doi = {10.5555/1248547},
    journal = {Journal of Machine Learning Research},
    keywords = {Friedman test,Wilcoxon signed ranks test,comparative studies,multiple comparisons tests,statistical methods},
    pages = {1--30},
    title = {{Statistical Comparisons of Classifiers over Multiple Data Sets}},
    volume = {7},
    year = {2006}
}


@article{costa2020introducing,
  title={Introducing automatic satellite image processing into land cover mapping by photo-interpretation of airborne data},
  author={Costa, H and Benevides, P and Marcelino, F and Caetano, M},
  journal={The International Archives of Photogrammetry, Remote Sensing and Spatial Information Sciences},
  volume={42},
  pages={29--34},
  year={2020},
  publisher={Copernicus GmbH}
}

@article{vermote2020remote,
  title={Remote Sensing of Coconut Trees in Tonga Using Very High Spatial Resolution WorldView-3 Data},
  author={Vermote, Eric F and Skakun, Sergii and Becker-Reshef, Inbal and Saito, Keiko},
  journal={Remote Sensing},
  volume={12},
  number={19},
  pages={3113},
  year={2020},
  publisher={Multidisciplinary Digital Publishing Institute}
}

@article{COSTANTINO2020,
    author = {Costantino, Domenica and Pepe, Massimiliano and Dardanelli, Gino and Baiocchi, Valerio},
    doi = {10.21163/gt_2020.152.17},
    issn = {18425135},
    journal = {Geographia Technica},
    month = {sep},
    pages = {171--190},
    publisher = {Asociatia Geograhia Technica},
    title = {{Using Optical Satellite and Aerial Imagery for Automatic Coastline Mapping}},
    year = {2020}
}

@incollection{Nagai2020,
    author = {Nagai, Shin and Nasahara, Kenlo Nishida and Akitsu, Tomoko Kawaguchi and Saitoh, Taku M. and Muraoka, Hiroyuki},
    doi = {10.1002/9781119413332.ch11},
    keywords = {Ground truth,In situ observation,Land cover change,Land use,Phenology,Satellite},
    month = {feb},
    pages = {223--244},
    publisher = {American Geophysical Union (AGU)},
    title = {{Importance of the Collection of Abundant Ground‐Truth Data for Accurate Detection of Spatial and Temporal Variability of Vegetation by Satellite Remote Sensing}},
    booktitle = {Biogeochemical Cycles: Ecological Drivers and Environmental Impact},
    url = {https://onlinelibrary.wiley.com/doi/abs/10.1002/9781119413332.ch11},
    year = {2020}
}

@article{Pasolli2016,
    author = {Pasolli, Edoardo and Yang, Hsiuhan Lexie and Crawford, Melba M.},
    doi = {10.1109/TGRS.2015.2490482},
    issn = {01962892},
    journal = {IEEE Transactions on Geoscience and Remote Sensing},
    keywords = {Active learning (AL),Classification,Dimensionality reduction,Hyperspectral images,Large-margin nearest neighbor (LMNN),Metric learning},
    month = {apr},
    number = {4},
    pages = {1925--1939},
    publisher = {Institute of Electrical and Electronics Engineers Inc.},
    title = {{Active-metric learning for classification of remotely sensed hyperspectral images}},
    volume = {54},
    year = {2016}
}

@article{Huang2018,
    author = {Huang, Yanbo and xin CHEN, Zhong and YU, Tao and zhi HUANG, Xiang and fa GU, Xing},
    doi = {10.1016/S2095-3119(17)61859-8},
    issn = {20953119},
    journal = {Journal of Integrative Agriculture},
    keywords = {agricultural information,big data,precision agriculture,remote sensing},
    month = {sep},
    number = {9},
    pages = {1915--1931},
    publisher = {Chinese Academy of Agricultural Sciences},
    title = {{Agricultural remote sensing big data: Management and applications}},
    volume = {17},
    year = {2018}
}

@article{Wang2018,
    author = {Wang, Xianwei and Xie, Hongjie},
    doi = {10.3390/w10050608},
    issn = {20734441},
    journal = {Water (Switzerland)},
    keywords = {Design storm,Flooding,Geographic information systems (GIS),Glaciers,Groundwater,Rainfall measurements,Remote sensing,Runoff simulation,Soil moisture,Water body},
    month = {may},
    number = {5},
    pages = {608},
    publisher = {MDPI AG},
    title = {{A review on applications of remote sensing and geographic information systems (GIS) in water resources and flood risk management}},
    url = {http://www.mdpi.com/2073-4441/10/5/608},
    volume = {10},
    year = {2018}
}

@article{Ruzicka2020,
    title={Deep Active Learning in Remote Sensing for data efficient Change Detection}, 
    author = {Rů{\v{z}}i{\v{c}}ka, V{\'{i}}t and D'Aronco, Stefano and Wegner, Jan Dirk and Schindler, Konrad},
    journal={arXiv preprint arXiv:2008.11201},
    year={2020}
}

@article{Liu2020,
    archivePrefix = {arXiv},
    arxivId = {2006.15771},
    author = {Liu, Sheng-Jie and Luo, Haowen and Shi, Qian},
    doi = {10.1109/lgrs.2020.3005076},
    eprint = {2006.15771},
    issn = {1545-598X},
    journal = {IEEE Geoscience and Remote Sensing Letters},
    pages = {1--5},
    title = {{Active Ensemble Deep Learning for Polarimetric Synthetic Aperture Radar Image Classification}},
    year = {2020}
}

@article{li2020,
    author = {Li, Jiayi and Huang, Xin and Chang, Xiaoyu},
    doi = {10.1016/j.isprsjprs.2020.02.022},
    issn = {09242716},
    journal = {ISPRS Journal of Photogrammetry and Remote Sensing},
    keywords = {Automatic sample collection,Label-noise robust active learning,Landsat satellite imagery,Machine learning,Multi-date classification,Multi-temporal change detection},
    number = {January},
    pages = {1--17},
    publisher = {Elsevier},
    title = {{A label-noise robust active learning sample collection method for multi-temporal urban land-cover classification and change analysis}},
    url = {https://doi.org/10.1016/j.isprsjprs.2020.02.022},
    volume = {163},
    year = {2020}
}
    
@inproceedings{Kottke2017,
    author = {Kottke, Daniel and Calma, Adrian and Huseljic, Denis and Krempl, Georg and Sick, Bernhard},
    booktitle = {CEUR Workshop Proceedings},
    issn = {16130073},
    keywords = {Active learning,Classification,Data mining,Evaluation,Semi-supervised learning},
    month = {sep},
    pages = {2--14},
    title = {{Challenges of reliable, realistic and comparable active learning evaluation}},
    url = {http://dspace.library.uu.nl/handle/1874/359528},
    volume = {1924},
    year = {2017}
}

@inproceedings{Ertekin2007,
    address = {New York, New York, USA},
    author = {Ertekin, Seyda and Huang, Jian and Giles, C. Lee},
    booktitle = {Proceedings of the 30th Annual International ACM SIGIR Conference on Research and Development in Information Retrieval, SIGIR'07},
    doi = {10.1145/1277741.1277927},
    isbn = {1595935975},
    keywords = {Active learning,Imbalanced data,Support vector machines},
    pages = {823--824},
    publisher = {ACM Press},
    title = {{Active learning for class imbalance problem}},
    url = {http://portal.acm.org/citation.cfm?doid=1277741.1277927},
    year = {2007}
}

@article{Cawley2011,
    author = {Cawley, G.C.},
    issn = {1938-7228},
    journal = {Proceedings of Active Learning and Experimental Design workshop In conjunction with AISTATS},
    keywords = {pool based active learning,ridge regression},
    month = {apr},
    pages = {47--57},
    publisher = {JMLR Workshop and Conference Proceedings},
    title = {{Baseline Methods for Active Learning}},
    url = {http://proceedings.mlr.press/v16/cawley11a.html},
    volume = {16},
    year = {2011}
}

@inproceedings{Li2013,
    author = {Li, Xin and Guo, Yuhong},
    year = {2013},
    month = {08},
    pages = {1479-1485},
    booktitle = {In IJCAI},
    title = {Active learning with multi-label SVM classification},
    journal = {IJCAI International Joint Conference on Artificial Intelligence}
}

@article{Muslea2006,
    archivePrefix = {arXiv},
    arxivId = {1110.1073},
    author = {Muslea, Ion and Minton, Steven and Knoblock, Craig A.},
    doi = {10.1613/jair.2005},
    eprint = {1110.1073},
    issn = {10769757},
    journal = {Journal of Artificial Intelligence Research},
    month = {oct},
    pages = {203--233},
    publisher = {AI Access Foundation},
    title = {{Active learning with multiple views}},
    url = {https://www.jair.org/index.php/jair/article/view/10470},
    volume = {27},
    year = {2006}
}

@article{Di2012,
    author = {Di, Wei and Crawford, Melba M.},
    doi = {10.1109/TGRS.2011.2168566},
    issn = {01962892},
    journal = {IEEE Transactions on Geoscience and Remote Sensing},
    keywords = {Active learning (AL),classification,feature space bagging (FSB),hyperspectral data,multiview learning (MVL),view generation (VG)},
    month = {may},
    number = {5 PART 2},
    pages = {1942--1954},
    title = {{View generation for multiview maximum disagreement based active learning for hyperspectral image classification}},
    volume = {50},
    year = {2012}
}

@inproceedings{Zhou2014,
    author = {Zhou, Xiong and Prasad, Saurabh and Crawford, Melba},
    booktitle = {Workshop on Hyperspectral Image and Signal Processing, Evolution in Remote Sensing},
    doi = {10.1109/WHISPERS.2014.8077528},
    isbn = {9781467390125},
    issn = {21586276},
    keywords = {Hyperspectral image classification,active learning,margin sampling,multi-view,random sampling,redundant wavelet transform},
    month = {jun},
    publisher = {IEEE Computer Society},
    title = {{Wavelet domain multi-view active learning for hyperspectral image analysis}},
    volume = {2014-June},
    year = {2014}
}

@inproceedings{Copa2010,
    author = {Copa, Loris and Tuia, Devis and Volpi, Michele and Kanevski, Mikhail},
    booktitle = {Image and Signal Processing for Remote Sensing XVI},
    doi = {10.1117/12.864861},
    editor = {Bruzzone, Lorenzo},
    isbn = {9780819483478},
    issn = {0277-786X},
    keywords = {Active learning,Committees of learners,Diverse sampling,Remote Sensing,Very high resolution},
    month = {oct},
    pages = {78300K},
    publisher = {SPIE},
    title = {{Unbiased query-by-bagging active learning for VHR image classification}},
    url = {http://proceedings.spiedigitallibrary.org/proceeding.aspx?doi=10.1117/12.864861},
    volume = {7830},
    year = {2010}
}

@article{Zhang2016,
    author = {Zhang, Zhou and Pasolli, Edoardo and Yang, Hsiuhan Lexie and Crawford, Melba M.},
    doi = {10.1109/LGRS.2016.2560623},
    issn = {1545598X},
    journal = {IEEE Geoscience and Remote Sensing Letters},
    keywords = {Active learning (AL),classification,feature extraction,metric learning,remote sensing data},
    month = {jul},
    number = {7},
    pages = {1007--1011},
    publisher = {Institute of Electrical and Electronics Engineers Inc.},
    title = {{Multimetric Active Learning for Classification of Remote Sensing Data}},
    volume = {13},
    year = {2016}
}

@inproceedings{Aghdam2019,
    archivePrefix = {arXiv},
    arxivId = {1911.09168},
    author = {Aghdam, Hamed H and Gonzalez-Garcia, Abel and Lopez, Antonio and Weijer, Joost},
    booktitle = {Proceedings of the IEEE International Conference on Computer Vision},
    doi = {10.1109/ICCV.2019.00377},
    eprint = {1911.09168},
    isbn = {9781728148038},
    issn = {15505499},
    pages = {3671--3679},
    title = {{Active learning for deep detection neural networks}},
    url = {www.gitlab.com/haghdam/deep{\_}active{\_}learning},
    volume = {2019-Octob},
    year = {2019}
}

@InProceedings{Yoo2019,
    author = {Yoo, Donggeun and Kweon, In So},
    title = {Learning Loss for Active Learning},
    booktitle = {Proceedings of the IEEE/CVF Conference on Computer Vision and Pattern Recognition (CVPR)},
    month = {June},
    pages={93--102},
    year = {2019}
} 

@article{Demir2011,
    author = {Demir, Begm and Persello, Claudio and Bruzzone, Lorenzo},
    doi = {10.1109/TGRS.2010.2072929},
    issn = {01962892},
    journal = {IEEE Transactions on Geoscience and Remote Sensing},
    keywords = {Active learning (AL),Hyperspectral images,Image classification,Query functions,Remote sensing (RS),Support vector machines (SVMs),Very high spatial resolution images},
    month = {mar},
    number = {3},
    pages = {1014--1031},
    title = {{Batch-mode active-learning methods for the interactive classification of remote sensing images}},
    volume = {49},
    year = {2011}
}

@inproceedings{Luo2003,
    author = {Luo, Tong and Kramer, Kurt and Goldgof, Dmitry and Hall, Lawrence O. and Samson, Scott and Remsen, Andrew and Hopkins, Thomas},
    booktitle = {Proceedings of the IEEE International Conference on Systems, Man and Cybernetics},
    doi = {10.1109/icsmc.2003.1243927},
    issn = {08843627},
    keywords = {Learning,Plankton recognition,Probabilistic output,Support vector machine},
    pages = {888--893},
    title = {{Learning to recognize plankton}},
    volume = {1},
    year = {2003}
}

@article{Li2011,
    author = {Li, Jun and Bioucas-Dias, Jos{\'{e}} M. and Plaza, Antonio},
    doi = {10.1109/TGRS.2011.2128330},
    issn = {01962892},
    journal = {IEEE Transactions on Geoscience and Remote Sensing},
    keywords = {Active learning,graph cuts,hyperspectral image segmentation,ill-posed problems,integer optimization,mutual information (MI),sparse multinomial logistic regression (MLR)},
    month = {oct},
    number = {10 PART 2},
    pages = {3947--3960},
    title = {{Hyperspectral image segmentation using a new bayesian approach with active learning}},
    volume = {49},
    year = {2011}
}

@article{Liu2018,
    author = {Liu, Wensong and Yang, Jie and Li, Pingxiang and Han, Yue and Zhao, Jinqi and Shi, Hongtao},
    doi = {10.3390/rs10071092},
    issn = {20724292},
    journal = {Remote Sensing},
    keywords = {Active learning (AL),Generalized statistical region merging (GSRM),Object-based classification,PolSAR imagery,Random forest (RF)},
    number = {7},
    title = {{A novel object-based supervised classification method with active learning and random forest for PolSAR imagery}},
    volume = {10},
    year = {2018},
    pages={1092},
    publisher={Multidisciplinary Digital Publishing Institute}
}

@article{Li2013a,
    author = {Li, Jun and Bioucas-Dias, Jos{\'{e}} M. and Plaza, Antonio},
    doi = {10.1109/TGRS.2012.2205263},
    issn = {01962892},
    journal = {IEEE Transactions on Geoscience and Remote Sensing},
    keywords = {Active learning (AL),Discriminative random fields (DRFs),Hyperspectral image classification,Loopy belief propagation (LBP),Markov random fields (MRFs),Spectral-spatial analysis},
    number = {2},
    pages = {844--856},
    title = {{Spectral-spatial classification of hyperspectral data using loopy belief propagation and active learning}},
    volume = {51},
    year = {2013}
}

@article{tuia2011using,
    title={Using active learning to adapt remote sensing image classifiers},
    author={Tuia, Devis and Pasolli, E and Emery, William J},
    journal={Remote Sensing of Environment},
    volume={115},
    number={9},
    pages={2232--2242},
    year={2011},
    publisher={Elsevier}
}

@article{Yanik2015,
    title={Active learning for sketch recognition},
    author={Yan{\i}k, Erelcan and Sezgin, Tevfik Metin},
    journal={Computers \& Graphics},
    volume={52},
    pages={93--105},
    year={2015},
    publisher={Elsevier}
}

@article{holm1979simple,
    title={A simple sequentially rejective multiple test procedure},
    author={Holm, Sture},
    journal={Scandinavian journal of statistics},
    pages={65--70},
    year={1979},
    publisher={JSTOR}
}

@article{Bi2019,
    author = {Bi, Haixia and Xu, Feng and Wei, Zhiqiang and Xue, Yong and Xu, Zongben},
    doi = {10.1109/TGRS.2019.2926434},
    issn = {15580644},
    journal = {IEEE Transactions on Geoscience and Remote Sensing},
    keywords = {Active learning,Markov random field (MRF),convolutional neural network (CNN),data augmentation,fine-tuning,polarimetric synthetic aperture radar (PolSAR) ima},
    month = {nov},
    number = {11},
    pages = {9378--9395},
    publisher = {Institute of Electrical and Electronics Engineers Inc.},
    title = {{An Active Deep Learning Approach for Minimally Supervised PolSAR Image Classification}},
    volume = {57},
    year = {2019}
}

@article{Wu2020,
    archivePrefix = {arXiv},
    author = {Wu, Xin and Li, Wei and Hong, Danfeng and Tian, Jiaojiao and Tao, Ran and Du, Qian},
    doi = {10.1016/j.isprsjprs.2020.06.016},
    eprint = {2007.08494},
    issn = {09242716},
    journal = {ISPRS Journal of Photogrammetry and Remote Sensing},
    keywords = {Active classification network,Fine-tuning,Multi-source,Optical remote sensing imagery,Segmentation,Vehicle detection},
    month = {sep},
    pages = {39--53},
    publisher = {Elsevier B.V.},
    title = {{Vehicle detection of multi-source remote sensing data using active fine-tuning network}},
    volume = {167},
    year = {2020}
}

@article{Cao2020,
    author = {Cao, Xiangyong and Yao, Jing and Xu, Zongben and Meng, Deyu},
    doi = {10.1109/TGRS.2020.2964627},
    issn = {15580644},
    journal = {IEEE Transactions on Geoscience and Remote Sensing},
    keywords = {Active learning (AL),Markov random field (MRF),convolutional neural network (CNN),deep learning,hyperspectral image (HSI) classification},
    month = {jul},
    number = {7},
    pages = {4604--4616},
    publisher = {Institute of Electrical and Electronics Engineers Inc.},
    title = {{Hyperspectral Image Classification with Convolutional Neural Network and Active Learning}},
    volume = {58},
    year = {2020}
}

@article{Roy2019,
    archivePrefix = {arXiv},
    arxivId = {1902.06701},
    author = {Roy, Swalpa Kumar and Krishna, Gopal and Dubey, Shiv Ram and Chaudhuri, Bidyut B.},
    doi = {10.1109/lgrs.2019.2918719},
    eprint = {1902.06701},
    issn = {1545-598X},
    journal = {IEEE Geoscience and Remote Sensing Letters},
    month = {jun},
    pages = {1--5},
    publisher = {Institute of Electrical and Electronics Engineers (IEEE)},
    title = {{HybridSN: Exploring 3-D-2-D CNN Feature Hierarchy for Hyperspectral Image Classification}},
    year = {2019}
}

@article{Nelder1972,
   title={Generalized linear models},
   author={Nelder, John Ashworth and Wedderburn, Robert WM},
   journal={Journal of the Royal Statistical Society: Series A (General)},
   volume={135},
   number={3},
   pages={370--384},
   year={1972},
   publisher={Wiley Online Library}
}

@article{Leng2013,
  title={Combining active learning and semi-supervised learning to construct SVM classifier},
  author={Leng, Yan and Xu, Xinyan and Qi, Guanghui},
  journal={Knowledge-Based Systems},
  volume={44},
  pages={121--131},
  year={2013},
  publisher={Elsevier}
}

@inproceedings{Ho1995,
   author = {Ho, Tin Kam},
   title = {Random Decision Forests},
   year = {1995},
   isbn = {0818671289},
   publisher = {IEEE Computer Society},
   address = {USA},
   booktitle = {Proceedings of the Third International Conference on Document Analysis and Recognition (Volume 1) - Volume 1},
   pages = {278},
   numpages = {1},
   keywords = {suboptimal accuracy, handwritten digits, decision trees, random decision forests, generalization accuracy, complexity, decision theory, optical character recognition, tree-based classifiers, stochastic modeling, handwriting recognition},
   series = {ICDAR '95}
}

@book{Wu1975,
   title={The decision tree approach to classification.},
   author={Wu, Chialin},
   year={1975},
   publisher={Purdue University}
}

@article{Fonseca2021al,
   author = {Fonseca, Joao and Douzas, Georgios and Bacao, Fernando},
   journal = {Remote Sensing 2021, Vol. 13, Page 2619},
   keywords = {SMOTE,active learning,artificial data generation,land use/land cover classification,oversampling},
   month = {jul},
   number = {13},
   pages = {2619},
   publisher = {Multidisciplinary Digital Publishing Institute},
   title = {{Increasing the Effectiveness of Active Learning: Introducing Artificial Data Generation in Active Learning for Land Use/Land Cover Classification}},
   volume = {13},
   year = {2021}
}

@inproceedings{Fatourechi2008,
   title={Comparison of evaluation metrics in classification applications with imbalanced datasets},
   author={Fatourechi, Mehrdad and Ward, Rabab K and Mason, Steven G and Huggins, Jane and Schloegl, Alois and Birch, Gary E},
   booktitle={2008 seventh international conference on machine learning and applications},
   pages={777--782},
   year={2008},
   organization={IEEE}
}

@inproceedings{Kubat1997,
   title={Addressing the curse of imbalanced training sets: one-sided selection},
   author={Kubat, Miroslav and Matwin, Stan and others},
   booktitle={Icml},
   volume={97},
   pages={179--186},
   year={1997},
   organization={Citeseer}
}

@article{Reitmaier2013,
   author = {Tobias Reitmaier and Bernhard Sick},
   issn = {0020-0255},
   journal = {Information Sciences},
   keywords = {4DS strategy,Active learning,Classification,Generative modeling,Selection strategy},
   month = {5},
   pages = {106-131},
   publisher = {Elsevier},
   title = {Let us know your decision: Pool-based active training of a generative classifier with the selection strategy 4DS},
   volume = {230},
   year = {2013},
}

@article{Kagy2019,
   author = {Jean-François Kagy and Tolga Kayadelen and Ji Ma and Afshin Rostamizadeh and Jana Strnadova},
   month = {6},
   title = {The Practical Challenges of Active Learning: Lessons Learned from Live Experimentation},
   journal={arXiv preprint arXiv:1907.00038},
   year = {2019},
}

@article{Holm1979,
   title={A simple sequentially rejective multiple test procedure},
   author={Holm, Sture},
   journal={Scandinavian journal of statistics},
   pages={65--70},
   year={1979},
   publisher={JSTOR}
}

@article{Friedman1937,
   title={The use of ranks to avoid the assumption of normality implicit in the analysis of variance},
   author={Friedman, Milton},
   journal={Journal of the american statistical association},
   volume={32},
   number={200},
   pages={675--701},
   year={1937},
   publisher={Taylor \& Francis}
}

@article{Wilcoxon1945,
   author = {Wilcoxon, Frank},
   issn = {00994987},
   journal = {Biometrics Bulletin},
   month = {dec},
   number = {6},
   pages = {80},
   publisher = {JSTOR},
   title = {{Individual Comparisons by Ranking Methods}},
   volume = {1},
   year = {1945}
}

@article{Shrivastava2021,
   author = {Vimal K. Shrivastava and Monoj K. Pradhan},
   issn = {18609503},
   journal = {Studies in Computational Intelligence},
   keywords = {Active Learning,Classification,Extreme Learning Machine,Hyperspectral Remote Sensing Image,Query Strategy,Support Vector Machine},
   pages = {133-152},
   publisher = {Springer},
   title = {Hyperspectral Remote Sensing Image Classification Using Active Learning},
   volume = {907},
   year = {2021},
}

@article{Sverchkov2017,
   author = {Yuriy Sverchkov and Mark Craven},
   editor = {Haiyan Huang},
   issn = {15537358},
   issue = {6},
   journal = {PLoS Computational Biology},
   keywords = {Entropy,Experimental design,Gene expression,Gene regulation,Genetic networks,Machine learning,Protein interaction networks,Transcription factors},
   month = {6},
   pages = {e1005466},
   pmid = {28570593},
   publisher = {Public Library of Science},
   title = {A review of active learning approaches to experimental design for uncovering biological networks},
   url = {https://dx.plos.org/10.1371/journal.pcbi.1005466},
   volume = {13},
   year = {2017},
}

@inproceedings{Settles2011,
   title={From theories to queries: Active learning in practice},
   author={Settles, Burr},
   booktitle={Active Learning and Experimental Design workshop In conjunction with AISTATS 2010},
   pages={1--18},
   year={2011},
   organization={JMLR Workshop and Conference Proceedings}
}

@article{Rosario2020,
   author = {Zachary del Rosario and Matthias Rupp and Yoolhee Kim and Erin Antono and Julia Ling},
   issn = {0021-9606},
   issue = {2},
   journal = {The Journal of Chemical Physics},
   month = {7},
   pages = {024112},
   publisher = {AIP Publishing LLCAIP Publishing},
   title = {Assessing the frontier: Active learning, model accuracy, and multi-objective candidate discovery and optimization},
   volume = {153},
   year = {2020},
}

@article{Kumar2020,
   author = {Punit Kumar and Atul Gupta},
   issn = {1860-4749},
   issue = {4},
   journal = {Journal of Computer Science and Technology 2020 35:4},
   keywords = {Artificial Intelligence,Computer Science,Data Structures and Information Theory,Information Systems Applications (incl.Internet),Software Engineering,Theory of Computation,general},
   month = {7},
   pages = {913-945},
   publisher = {Springer},
   title = {Active Learning Query Strategies for Classification, Regression, and Clustering: A Survey},
   volume = {35},
   year = {2020},
}

@article{Fu2013,
   title={A survey on instance selection for active learning},
   author={Fu, Yifan and Zhu, Xingquan and Li, Bin},
   journal={Knowledge and information systems},
   volume={35},
   number={2},
   pages={249--283},
   year={2013},
   publisher={Springer}
}


@article{Gu2021,
   author = {Bin Gu and Zhou Zhai and Cheng Deng and Heng Huang},
   issn = {21622388},
   issue = {9},
   journal = {IEEE Transactions on Neural Networks and Learning Systems},
   keywords = {Active learning,maximum mean discrepancy (MMD),path-following algorithm,semisupervised support vector machine},
   month = {9},
   pages = {4111-4122},
   pmid = {32845848},
   publisher = {Institute of Electrical and Electronics Engineers Inc.},
   title = {Efficient Active Learning by Querying Discriminative and Representative Samples and Fully Exploiting Unlabeled Data},
   volume = {32},
   year = {2021},
}

@article{Huang2014,
   author = {Sheng Jun Huang and Rong Jin and Zhi Hua Zhou},
   issn = {01628828},
   issue = {10},
   journal = {IEEE Transactions on Pattern Analysis and Machine Intelligence},
   keywords = {Active learning,informativeness,learning with unlabeled data,multi-label learning,representativeness},
   month = {10},
   pages = {1936-1949},
   publisher = {IEEE Computer Society},
   title = {Active Learning by Querying Informative and Representative Examples},
   volume = {36},
   year = {2014},
}

@article{Li2012,
   author = {Xiao Li and Da Kuang and Charles X. Ling},
   isbn = {9783642302169},
   issn = {03029743},
   issue = {PART 1},
   journal = {Lecture Notes in Computer Science (including subseries Lecture Notes in Artificial Intelligence and Lecture Notes in Bioinformatics)},
   pages = {14-25},
   publisher = {Springer, Berlin, Heidelberg},
   title = {Active Learning for Hierarchical Text Classification},
   volume = {7301 LNAI},
   year = {2012},
}

@article{Ienco2013,
   author = {Dino Ienco and Albert Bifet and Indre Žliobaite and Bernhard Pfahringer},
   isbn = {9783642408960},
   issn = {16113349},
   journal = {Lecture Notes in Computer Science (including subseries Lecture Notes in Artificial Intelligence and Lecture Notes in Bioinformatics)},
   pages = {79-93},
   publisher = {Springer, Berlin, Heidelberg},
   title = {Clustering Based Active Learning for Evolving Data Streams},
   volume = {8140 LNAI},
   year = {2013},
}

@inproceedings{Brinker2003,
   title={Incorporating diversity in active learning with support vector machines},
   author={Brinker, Klaus},
   booktitle={Proceedings of the 20th international conference on machine learning (ICML-03)},
   pages={59--66},
   year={2003}
}

@inproceedings{Jia2019,
   title={Graph-based semi-supervised \& active learning for edge flows},
   author={Jia, Junteng and Schaub, Michael T and Segarra, Santiago and Benson, Austin R},
   booktitle={Proceedings of the 25th ACM SIGKDD International Conference on Knowledge Discovery \& Data Mining},
   pages={761--771},
   year={2019}
}

@article{Samat2016,
   author = {Alim Samat and Paolo Gamba and Sicong Liu and Peijun Du and Jilili Abuduwaili},
   issn = {01962892},
   issue = {11},
   journal = {IEEE Transactions on Geoscience and Remote Sensing},
   keywords = {Active learning (AL),Delaunay triangulation nets (DTNs),image classification,informative sampling,manifold learning,structure representative sampling,support vector machine},
   month = {11},
   pages = {6803-6817},
   publisher = {Institute of Electrical and Electronics Engineers Inc.},
   title = {Jointly Informative and Manifold Structure Representative Sampling Based Active Learning for Remote Sensing Image Classification},
   volume = {54},
   year = {2016},
}

@inproceedings{Lewis1994,
   title={A sequential algorithm for training text classifiers},
   author={Lewis, David D and Gale, William A},
   booktitle={SIGIR’94},
   pages={3--12},
   year={1994},
   organization={Springer}
}

@article{Luo2005,
   title={Active learning to recognize multiple types of plankton.},
   author={Luo, Tong and Kramer, Kurt and Goldgof, Dmitry B and Hall, Lawrence O and Samson, Scott and Remsen, Andrew and Hopkins, Thomas and Cohn, David},
   journal={Journal of Machine Learning Research},
   volume={6},
   number={4},
   year={2005}
}

@article{Li2012a,
   title={Spectral--spatial classification of hyperspectral data using loopy belief propagation and active learning},
   author={Li, Jun and Bioucas-Dias, Jos{\'e} M and Plaza, Antonio},
   journal={IEEE Transactions on Geoscience and remote sensing},
   volume={51},
   number={2},
   pages={844--856},
   year={2012},
   publisher={IEEE}
}

@article{Shannon1948,
   title={A mathematical theory of communication},
   author={Shannon, Claude Elwood},
   journal={The Bell system technical journal},
   volume={27},
   number={3},
   pages={379--423},
   year={1948},
   publisher={Nokia Bell Labs}
}

@article{Abe1998,
  title={Query learning strategies using boosting and bagging},
  author={Abe, Naoki},
  journal={Proc. of $15^{th}$ Int. Cmf. on Machine Learning (ICML98)},
  pages={1--9},
  year={1998}
}

@article{Tuia2009,
   author = {Devis Tuia and Frdric Ratle and Fabio Pacifici and Mikhail F. Kanevski and William J. Emery},
   issn = {01962892},
   issue = {7},
   journal = {IEEE Transactions on Geoscience and Remote Sensing},
   keywords = {Active learning,Entropy,Hyperspectral imagery,Image information mining,Margin sampling (MS),Query learning,Support vector machines (SVMs),Very high resolution (VHR) imagery},
   month = {7},
   pages = {2218-2232},
   title = {Active learning methods for remote sensing image classification},
   volume = {47},
   year = {2009},
}

@inproceedings{Melville2004,
  title={Diverse ensembles for active learning},
  author={Melville, Prem and Mooney, Raymond J},
  booktitle={Proceedings of the twenty-first international conference on Machine learning},
  pages={74},
  year={2004}
}

@article{Bloodgood2018,
   author = {Michael Bloodgood},
   isbn = {9781538644072},
   journal = {Proceedings - 12th IEEE International Conference on Semantic Computing, ICSC 2018},
   keywords = {active learning,batch sizes,stopping methods,text classification,window sizes},
   month = {4},
   pages = {148-155},
   publisher = {Institute of Electrical and Electronics Engineers Inc.},
   title = {Support Vector Machine Active Learning Algorithms with Query-by-Committee Versus Closest-to-Hyperplane Selection},
   volume = {2018-January},
   year = {2018},
}

@inproceedings{Campbell2000,
  title={Query learning with large margin classifiers},
  author={Campbell, Colin and Cristianini, Nello and Smola, Alex and others},
  booktitle={ICML},
  volume={20},
  number={0},
  pages={0},
  year={2000}
}

@article{Qin2021,
  title={Active learning with extreme learning machine for online imbalanced multiclass classification},
  author={Qin, Jiongming and Wang, Cong and Zou, Qinhong and Sun, Yubin and Chen, Bin},
  journal={Knowledge-Based Systems},
  volume={231},
  pages={107385},
  year={2021},
  publisher={Elsevier}
}

@inproceedings{DeVries2017,
   author = {Terrance DeVries and Graham W. Taylor},
   booktitle = {5th International Conference on Learning Representations, ICLR 2017 - Workshop Track Proceedings},
   month = {2},
   publisher = {International Conference on Learning Representations, ICLR},
   title = {Dataset augmentation in feature space},
   year = {2017},
}

@inproceedings{Kashefi2020,
    title = "Quantifying the Evaluation of Heuristic Methods for Textual Data Augmentation",
    author = "Kashefi, Omid  and
      Hwa, Rebecca",
    booktitle = "Proceedings of the Sixth Workshop on Noisy User-generated Text (W-NUT 2020)",
    month = nov,
    year = "2020",
    address = "Online",
    publisher = "Association for Computational Linguistics",
    pages = "200--208",
}

@inproceedings{Zhong2020,
  title={Random erasing data augmentation},
  author={Zhong, Zhun and Zheng, Liang and Kang, Guoliang and Li, Shaozi and Yang, Yi},
  booktitle={Proceedings of the AAAI Conference on Artificial Intelligence},
  volume={34},
  number={07},
  pages={13001--13008},
  year={2020}
}

@article{Iwana2021,
  title={An empirical survey of data augmentation for time series classification with neural networks},
  author={Iwana, Brian Kenji and Uchida, Seiichi},
  journal={Plos one},
  volume={16},
  number={7},
  pages={e0254841},
  year={2021},
  publisher={Public Library of Science San Francisco, CA USA}
}

@article{Chawla2002,
   author = {Nitesh V. Chawla and Kevin W. Bowyer and Lawrence O. Hall and W. Philip Kegelmeyer},
   issn = {10769757},
   journal = {Journal of Artificial Intelligence Research},
   month = {6},
   pages = {321-357},
   title = {SMOTE: Synthetic minority over-sampling technique},
   volume = {16},
   year = {2002},
}

@article{Simeoni2020,
   author = {Oriane Siméoni and Mateusz Budnik and Yannis Avrithis and Guillaume Gravier},
   isbn = {9781728188089},
   issn = {10514651},
   journal = {Proceedings - International Conference on Pattern Recognition},
   pages = {1220-1227},
   publisher = {Institute of Electrical and Electronics Engineers Inc.},
   title = {Rethinking deep active learning: Using unlabeled data at model training},
   year = {2020},
}

@article{Yu2019,
   author = {Hualong Yu and Xibei Yang and Shang Zheng and Changyin Sun},
   issn = {21622388},
   issue = {4},
   journal = {IEEE Transactions on Neural Networks and Learning Systems},
   keywords = {Active learning,class imbalance,cost-sensitive learning,extreme learning machine (ELM),online learning,stopping criterion},
   month = {4},
   pages = {1088-1103},
   pmid = {30137013},
   publisher = {Institute of Electrical and Electronics Engineers Inc.},
   title = {Active Learning from Imbalanced Data: A Solution of Online Weighted Extreme Learning Machine},
   volume = {30},
   year = {2019},
}

@article{Li2021,  
   author={Li, Yayong and Yin, Jie and Chen, Ling},  
   journal={IEEE Transactions on Neural Networks and Learning Systems},   
   title={SEAL: Semisupervised Adversarial Active Learning on Attributed Graphs},   
   year={2021},
   volume={32},  
   number={7},  
   pages={3136-3147},  
}

@article{Nath2021,
   author={Nath, Vishwesh and Yang, Dong and Landman, Bennett A. and Xu, Daguang and Roth, Holger R.},
   journal={IEEE Transactions on Medical Imaging}, 
   title={Diminishing Uncertainty Within the Training Pool: Active Learning for Medical Image Segmentation}, 
   year={2021},
   volume={40},
   number={10},
   pages={2534-2547},
}

@article{Van2020,
  title={A survey on semi-supervised learning},
  author={Van Engelen, Jesper E and Hoos, Holger H},
  journal={Machine Learning},
  volume={109},
  number={2},
  pages={373--440},
  year={2020},
  publisher={Springer}
}

@inproceedings{Sener2018,
  title={Active Learning for Convolutional Neural Networks: A Core-Set Approach},
  author={Sener, Ozan and Savarese, Silvio},
  booktitle={International Conference on Learning Representations},
  year={2018}
}

@article{Zong2013,
  title={Weighted extreme learning machine for imbalance learning},
  author={Zong, Weiwei and Huang, Guang-Bin and Chen, Yiqiang},
  journal={Neurocomputing},
  volume={101},
  pages={229--242},
  year={2013},
  publisher={Elsevier}
}

@article{Liu2021comprehensive,
  title={A comprehensive active learning method for multiclass imbalanced data streams with concept drift},
  author={Liu, Weike and Zhang, Hang and Ding, Zhaoyun and Liu, Qingbao and Zhu, Cheng},
  journal={Knowledge-Based Systems},
  volume={215},
  pages={106778},
  year={2021},
  publisher={Elsevier}
}

@article{Kim2021,
  title={LADA: Look-Ahead Data Acquisition via Augmentation for Deep Active Learning},
  author={Kim, Yoon-Yeong and Song, Kyungwoo and Jang, JoonHo and Moon, Il-chul},
  journal={Advances in Neural Information Processing Systems},
  volume={34},
  year={2021}
}

@article{Ren2020,
  title={A survey of deep active learning},
  author={Ren, Pengzhen and Xiao, Yun and Chang, Xiaojun and Huang, Po-Yao and Li, Zhihui and Chen, Xiaojiang and Wang, Xin},
  journal={arXiv preprint arXiv:2009.00236},
  year={2020}
}

@article{Tharwat2020,
  title={Balancing Exploration and Exploitation: A novel active learner for imbalanced data},
  author={Tharwat, Alaa and Schenck, Wolfram},
  journal={Knowledge-Based Systems},
  volume={210},
  pages={106500},
  year={2020},
  publisher={Elsevier}
}

@inproceedings{Nguyen2004,
  title={Active learning using pre-clustering},
  author={Nguyen, Hieu T and Smeulders, Arnold},
  booktitle={Proceedings of the twenty-first international conference on Machine learning},
  pages={79},
  year={2004}
}

@inproceedings{Quteineh2020,
  title={Textual Data Augmentation for Efficient Active Learning on Tiny Datasets},
  author={Quteineh, Husam and Samothrakis, Spyridon and Sutcliffe, Richard},
  booktitle={Proceedings of the 2020 Conference on Empirical Methods in Natural Language Processing (EMNLP)},
  pages={7400--7410},
  year={2020}
}

@inproceedings{Li2021framework,
  title={A Framework of Data Augmentation While Active Learning for Chinese Named Entity Recognition},
  author={Li, Qingqing and Huang, Zhen and Dou, Yong and Zhang, Ziwen},
  booktitle={International Conference on Knowledge Science, Engineering and Management},
  pages={88--100},
  year={2021},
  organization={Springer}
}

@inproceedings{Ma2020,
  title={Combining Active Learning and Data Augmentation for Image Classification},
  author={Ma, Yu and Lu, Shaoxing and Xu, Erya and Yu, Tian and Zhou, Lijian},
  booktitle={Proceedings of the 2020 3rd International Conference on Big Data Technologies},
  pages={58--62},
  year={2020}
}

@article{Ren2021,
  title={A survey of deep active learning},
  author={Ren, Pengzhen and Xiao, Yun and Chang, Xiaojun and Huang, Po-Yao and Li, Zhihui and Gupta, Brij B and Chen, Xiaojiang and Wang, Xin},
  journal={ACM Computing Surveys (CSUR)},
  volume={54},
  number={9},
  pages={1--40},
  year={2021},
  publisher={ACM New York, NY}
}

@inproceedings{katz2021improved,
  title={Improved algorithms for agnostic pool-based active classification},
  author={Katz-Samuels, Julian and Zhang, Jifan and Jain, Lalit and Jamieson, Kevin},
  booktitle={International Conference on Machine Learning},
  pages={5334--5344},
  year={2021},
  organization={PMLR}
}

@inproceedings{jaderberg2015spatial,
  title={Spatial transformer networks},
  author={Jaderberg, Max and Simonyan, Karen and Zisserman, Andrew and Kavukcuoglu, Koray},
  booktitle={Proceedings of the 28th International Conference on Neural Information Processing Systems-Volume 2},
  pages={2017--2025},
  year={2015}
}

@inproceedings{sinha2019variational,
  title={Variational adversarial active learning},
  author={Sinha, Samarth and Ebrahimi, Sayna and Darrell, Trevor},
  booktitle={Proceedings of the IEEE/CVF International Conference on Computer Vision},
  pages={5972--5981},
  year={2019}
}

@inproceedings{kim2021task,
  title={Task-aware variational adversarial active learning},
  author={Kim, Kwanyoung and Park, Dongwon and Kim, Kwang In and Chun, Se Young},
  booktitle={Proceedings of the IEEE/CVF Conference on Computer Vision and Pattern Recognition},
  pages={8166--8175},
  year={2021}
}

@inproceedings{tran2019bayesian,
  title={Bayesian generative active deep learning},
  author={Tran, Toan and Do, Thanh-Toan and Reid, Ian and Carneiro, Gustavo},
  booktitle={International Conference on Machine Learning},
  pages={6295--6304},
  year={2019},
  organization={PMLR}
}

@inproceedings{Pelletier2017Filtering,
  author = {Pelletier, Charlotte and Valero, Silvia and Inglada, Jordi and Dedieu, G{\'{e}}rard and Champion, Nicolas},
  booktitle = {2017 9th International Workshop on the Analysis of Multitemporal Remote Sensing Images, MultiTemp 2017},
  doi = {10.1109/Multi-Temp.2017.8035217},
  isbn = {9781538633274},
  month = {sep},
  publisher = {Institute of Electrical and Electronics Engineers Inc.},
  title = {{Filtering mislabeled data for improving time series classification}},
  year = {2017}
}

@article{Paris2019,
  author = {Paris, Claudia and Bruzzone, Lorenzo and Fernandez-Prieto, Diego},
  doi = {10.1109/tgrs.2018.2890404},
  issn = {0196-2892},
  journal = {IEEE Transactions on Geoscience and Remote Sensing},
  number = {7},
  pages = {4259--4277},
  publisher = {IEEE},
  title = {{A Novel Approach to the Unsupervised Update of Land-Cover Maps by Classification of Time Series of Multispectral Images}},
  volume = {57},
  year = {2019}
}

@article{Ghojogh2019,
  title={Feature selection and feature extraction in pattern analysis: A literature review},
  author={Ghojogh, Benyamin and Samad, Maria N and Mashhadi, Sayema Asif and Kapoor, Tania and Ali, Wahab and Karray, Fakhri and Crowley, Mark},
  journal={arXiv preprint arXiv:1905.02845},
  year={2019}
}

@article{tewkesbury2015critical,
  title={A critical synthesis of remotely sensed optical image change detection techniques},
  author={Tewkesbury, Andrew P and Comber, Alexis J and Tate, Nicholas J and Lamb, Alistair and Fisher, Peter F},
  journal={Remote Sensing of Environment},
  volume={160},
  pages={1--14},
  year={2015},
  publisher={Elsevier}
}

@article{ouali2020overview,
  title={An overview of deep semi-supervised learning},
  author={Ouali, Yassine and Hudelot, C{\'e}line and Tami, Myriam},
  journal={arXiv preprint arXiv:2006.05278},
  year={2020}
}

@article{chapelle2009semi,
  title={Semi-supervised learning (chapelle, o. et al., eds.; 2006)[book reviews]},
  author={Chapelle, Olivier and Scholkopf, Bernhard and Zien, Alexander},
  journal={IEEE Transactions on Neural Networks},
  volume={20},
  number={3},
  pages={542--542},
  year={2009},
  publisher={IEEE}
}

@article{grill2020bootstrap,
  title={Bootstrap your own latent: A new approach to self-supervised learning},
  author={Grill, Jean-Bastien and Strub, Florian and Altch{\'e}, Florent and Tallec, Corentin and Richemond, Pierre and Buchatskaya, Elena and Doersch, Carl and Avila Pires, Bernardo and Guo, Zhaohan and Gheshlaghi Azar, Mohammad and others},
  journal={Advances in Neural Information Processing Systems},
  volume={33},
  pages={21271--21284},
  year={2020}
}

@article{liu2021self,
  title={Self-supervised learning: Generative or contrastive},
  author={Liu, Xiao and Zhang, Fanjin and Hou, Zhenyu and Mian, Li and Wang, Zhaoyu and Zhang, Jing and Tang, Jie},
  journal={IEEE Transactions on Knowledge and Data Engineering},
  year={2021},
  publisher={IEEE}
}

@article{budd2021survey,
  title={A survey on active learning and human-in-the-loop deep learning for medical image analysis},
  author={Budd, Samuel and Robinson, Emma C and Kainz, Bernhard},
  journal={Medical Image Analysis},
  volume={71},
  pages={102062},
  year={2021},
  publisher={Elsevier}
}

@article{zhang2020reinforcement,
  title={Reinforcement online active learning ensemble for drifting imbalanced data streams},
  author={Zhang, Hang and Liu, Weike and Liu, Qingbao},
  journal={IEEE Transactions on Knowledge and Data Engineering},
  year={2020},
  publisher={IEEE}
}

@article{li2022boosting,
  title={Boosting training for PDF malware classifier via active learning},
  author={Li, Yuanzhang and Wang, Xinxin and Shi, Zhiwei and Zhang, Ruyun and Xue, Jingfeng and Wang, Zhi},
  journal={International Journal of Intelligent Systems},
  volume={37},
  number={4},
  pages={2803--2821},
  year={2022},
  publisher={Wiley Online Library}
}

@article{li2020label,
  title={A label-noise robust active learning sample collection method for multi-temporal urban land-cover classification and change analysis},
  author={Li, Jiayi and Huang, Xin and Chang, Xiaoyu},
  journal={ISPRS Journal of Photogrammetry and Remote Sensing},
  volume={163},
  pages={1--17},
  year={2020},
  publisher={Elsevier}
}

@article{su2021cost,
  title={Cost-effective multi-instance multilabel active learning},
  author={Su, Cong and Yan, Zhongmin and Yu, Guoxian},
  journal={International Journal of Intelligent Systems},
  volume={36},
  number={12},
  pages={7177--7203},
  year={2021},
  publisher={Wiley Online Library}
}

@article{wu2021data,
  title={Data quality matters: A case study on data label correctness for security bug report prediction},
  author={Wu, Xiaoxue and Zheng, Wei and Xia, Xin and Lo, David},
  journal={IEEE Transactions on Software Engineering},
  year={2021},
  publisher={IEEE}
}

@article{li2017grass,
  title={Grass: Generative recursive autoencoders for shape structures},
  author={Li, Jun and Xu, Kai and Chaudhuri, Siddhartha and Yumer, Ersin and Zhang, Hao and Guibas, Leonidas},
  journal={ACM Transactions on Graphics (TOG)},
  volume={36},
  number={4},
  pages={1--14},
  year={2017},
  publisher={ACM New York, NY, USA}
}

@article{zhang2022training,
  title={Training effective deep reinforcement learning agents for real-time life-cycle production optimization},
  author={Zhang, Kai and Wang, Zhongzheng and Chen, Guodong and Zhang, Liming and Yang, Yongfei and Yao, Chuanjin and Wang, Jian and Yao, Jun},
  journal={Journal of Petroleum Science and Engineering},
  volume={208},
  pages={109766},
  year={2022},
  publisher={Elsevier}
}

@article{zheng2021sentence,
  title={Sentence representation method based on multi-layer semantic network},
  author={Zheng, Wenfeng and Liu, Xiangjun and Yin, Lirong},
  journal={Applied Sciences},
  volume={11},
  number={3},
  pages={1316},
  year={2021},
  publisher={MDPI}
}

@article{zhang2021open,
  title={Open-set domain adaptation in machinery fault diagnostics using instance-level weighted adversarial learning},
  author={Zhang, Wei and Li, Xiang and Ma, Hui and Luo, Zhong and Li, Xu},
  journal={IEEE Transactions on Industrial Informatics},
  volume={17},
  number={11},
  pages={7445--7455},
  year={2021},
  publisher={IEEE}
}

@article{he2017deep,
  title={Deep learning based approach for bearing fault diagnosis},
  author={He, Miao and He, David},
  journal={IEEE Transactions on Industry Applications},
  volume={53},
  number={3},
  pages={3057--3065},
  year={2017},
  publisher={IEEE}
}

@article{zhang2023blockchain,
  title={Blockchain-based decentralized federated transfer learning methodology for collaborative machinery fault diagnosis},
  author={Zhang, Wei and Wang, Ziwei and Li, Xiang},
  journal={Reliability Engineering \& System Safety},
  volume={229},
  pages={108885},
  year={2023},
  publisher={Elsevier}
}

@article{hospedales2011finding,
  title={Finding rare classes: Active learning with generative and discriminative models},
  author={Hospedales, Timothy M and Gong, Shaogang and Xiang, Tao},
  journal={IEEE transactions on knowledge and data engineering},
  volume={25},
  number={2},
  pages={374--386},
  year={2011},
  publisher={IEEE}
}
